@article{article,
author = {Vasile Berinde},
year = {2011},
month = {04},
pages = {},
title = {On the solution of Steinhaus functional equation using weakly Picard operators},
volume = {1},
journal = {Filomat},
doi = {10.2298/FIL1101069B}
}
